@article{Pevzner2001,
author = {Pevzner, Pavel A. and Tang, Haixu and Waterman, Michael S.}, 
title = {An Eulerian path approach to DNA fragment assembly},
volume = {98}, 
number = {17}, 
pages = {9748-9753}, 
year = {2001}, 
doi = {10.1073/pnas.171285098},
URL = {http://www.pnas.org/content/98/17/9748.abstract}, 
eprint = {http://www.pnas.org/content/98/17/9748.full.pdf+html}, 
journal = {Proceedings of the National Academy of Sciences} 
}

@article{yang2010reptile,
  title={Reptile: representative tiling for short read error correction},
  author={Yang, Xiao and Dorman, Karin S and Aluru, Srinivas},
  journal={Bioinformatics},
  volume={26},
  number={20},
  pages={2526},
  year={2010},
  publisher={Oxford Univ Press}
}

@article{heo2014bless,
  title={BLESS: Bloom filter-based error correction solution for high-throughput sequencing reads},
  author={Heo, Yun and Wu, Xiao-Long and Chen, Deming and Ma, Jian and Hwu, Wen-Mei},
  journal={Bioinformatics},
  pages={btu030},
  year={2014},
  publisher={Oxford Univ Press}
}

@article{Liu2012musket,
author = {Liu, Yongchao and Schröder, Jan and Schmidt, Bertil}, 
title = {Musket: a multistage k-mer spectrum based error corrector for Illumina sequence data},
year = {2012}, 
doi = {10.1093/bioinformatics/bts690}, 
URL = {http://bioinformatics.oxfordjournals.org/content/early/2012/11/29/bioinformatics.bts690.abstract}, 
eprint = {http://bioinformatics.oxfordjournals.org/content/early/2012/11/29/bioinformatics.bts690.full.pdf+html}, 
journal = {Bioinformatics} 
}

@article{yang2013,
  title={A survey of error-correction methods for next-generation sequencing},
  author={Yang, Xiao and Chockalingam, Sriram P and Aluru, Srinivas},
  journal={Briefings in Bioinformatics},
  volume={14},
  number={1},
  pages={56--66},
  year={2013},
  publisher={Oxford University Press}
}

@article{schroder2009shrec,
  title={SHREC: a short-read error correction method},
  author={Schr{\"o}der, Jan and Schr{\"o}der, Heiko and Puglisi, Simon J and Sinha, Ranjan and Schmidt, Bertil},
  journal={Bioinformatics},
  volume={25},
  number={17},
  pages={2157--2163},
  year={2009},
  publisher={Oxford Univ Press}
}

@article{Salmela2010hshrec,
author = {Salmela, Leena}, 
title = {Correction of sequencing errors in a mixed set of reads},
volume = {26}, 
number = {10}, 
pages = {1284-1290}, 
year = {2010}, 
doi = {10.1093/bioinformatics/btq151},
URL = {http://bioinformatics.oxfordjournals.org/content/26/10/1284.abstract}, 
eprint = {http://bioinformatics.oxfordjournals.org/content/26/10/1284.full.pdf+html}, 
journal = {Bioinformatics} 
}

@article{Ilie2011hitec,
author = {Ilie, Lucian and Fazayeli, Farideh and Ilie, Silvana}, 
title = {HiTEC: accurate error correction in high-throughput sequencing data},
volume = {27}, 
number = {3}, 
pages = {295-302}, 
year = {2011}, 
doi = {10.1093/bioinformatics/btq653},
URL = {http://bioinformatics.oxfordjournals.org/content/27/3/295.abstract}, 
eprint = {http://bioinformatics.oxfordjournals.org/content/27/3/295.full.pdf+html}, 
journal = {Bioinformatics} 
}

@article{Salmela2011coral,
author = {Salmela, Leena and Schröder, Jan}, 
title = {Correcting errors in short reads by multiple alignments},
volume = {27}, 
number = {11}, 
pages = {1455-1461}, 
year = {2011}, 
doi = {10.1093/bioinformatics/btr170}, 
URL = {http://bioinformatics.oxfordjournals.org/content/27/11/1455.abstract}, 
eprint = {http://bioinformatics.oxfordjournals.org/content/27/11/1455.full.pdf+html}, 
journal = {Bioinformatics} 
}

@article{Kao2011echo,
author = {Kao, Wei-Chun and Chan, Andrew H. and Song, Yun S.}, 
title = {ECHO: A reference-free short-read error correction algorithm},
volume = {21}, 
number = {7}, 
pages = {1181-1192}, 
year = {2011}, 
doi = {10.1101/gr.111351.110}, 
URL = {http://genome.cshlp.org/content/21/7/1181.abstract}, 
eprint = {http://genome.cshlp.org/content/21/7/1181.full.pdf+html}, 
journal = {Genome Research} 
}

@article{kelley2010quake,
  title={Quake: quality-aware detection and correction of sequencing errors},
  author={Kelley, David R and Schatz, Michael C and Salzberg, Steven L},
  journal={Genome Biology},
  volume={11},
  number={11},
  pages={R116},
  year={2010}
}

@article{medvedev2011hammer,
  title={Error correction of high-throughput sequencing datasets with non-uniform coverage},
  author={Medvedev, Paul and Scott, Eric and Kakaradov, Boyko and Pevzner, Pavel},
  journal={Bioinformatics},
  volume={27},
  number={13},
  pages={i137--i141},
  year={2011},
  publisher={Oxford University Press}
}

@inproceedings{shah2012parallel,
  title={A parallel algorithm for spectrum-based short read error correction},
  author={Shah, Ankit R and Chockalingam, Sriram and Aluru, Srinivas},
  booktitle={Parallel \& Distributed Processing Symposium (IPDPS), 2012 IEEE 26th International},
  pages={60--70},
  year={2012},
  organization={IEEE}
}

@article{bloom1970space,
  title={Space/time trade-offs in hash coding with allowable errors},
  author={Bloom, Burton H},
  journal={Communications of the ACM},
  volume={13},
  number={7},
  pages={422--426},
  year={1970},
  publisher={ACM}
}

@article{shi2010parallel,
  title={A parallel algorithm for error correction in high-throughput short-read data on CUDA-enabled graphics hardware},
  author={Shi, Haixiang and Schmidt, Bertil and Liu, Weiguo and M{\"u}ller-Wittig, Wolfgang},
  journal={Journal of Computational Biology},
  volume={17},
  number={4},
  pages={603--615},
  year={2010},
  publisher={Mary Ann Liebert, Inc. 140 Huguenot Street, 3rd Floor New Rochelle, NY 10801 USA}
}

@article{chaisson2008short,
  title={Short read fragment assembly of bacterial genomes},
  author={Chaisson, Mark J and Pevzner, Pavel A},
  journal={Genome research},
  volume={18},
  number={2},
  pages={324--330},
  year={2008},
  publisher={Cold Spring Harbor Lab}
}

@article{liu2011decgpu,
  title={DecGPU: distributed error correction on massively parallel graphics processing units using CUDA and MPI},
  author={Liu, Yongchao and Schmidt, Bertil and Maskell, Douglas L},
  journal={BMC bioinformatics},
  volume={12},
  number={1},
  pages={85},
  year={2011},
  publisher={BioMed Central Ltd}
}

@article{shi2010quality,
  title={Quality-score guided error correction for short-read sequencing data using CUDA},
  author={Shi, Haixiang and Schmidt, Bertil and Liu, Weiguo and M{\"u}ller-Wittig, Wolfgang},
  journal={Procedia Computer Science},
  volume={1},
  number={1},
  pages={1129--1138},
  year={2010},
  publisher={Elsevier}
}

@incollection{putze2007cache,
  title={Cache-, hash-and space-efficient bloom filters},
  author={Putze, Felix and Sanders, Peter and Singler, Johannes},
  booktitle={Experimental Algorithms},
  pages={108--121},
  year={2007},
  publisher={Springer}
}

@inproceedings{ma2011bloom,
  title={Bloom filter performance on graphics engines},
  author={Ma, Lin and Chamberlain, Roger D and Buhler, Jeremy D and Franklin, Mark A},
  booktitle={Parallel Processing (ICPP), 2011 International Conference on},
  pages={522--531},
  year={2011},
  organization={IEEE}
}

@article{NVIDIAGK110,
  title={NVIDIA Kepler GK110 Architecture Whitepaper},
  author={NVIDIA},
  note =  {Link: \url{http://www.nvidia.com/content/PDF/kepler/NVIDIA-kepler-GK110-Architecture-Whitepaper.pdf}},
  year={2013}
}

@inproceedings{chen2007new,
  title={A new design of Bloom filter for packet inspection speedup},
  author={Chen, Yang and Kumar, Abhishek and Xu, Jun},
  booktitle={Global Telecommunications Conference, 2007. GLOBECOM'07. IEEE},
  pages={1--5},
  year={2007},
  organization={IEEE}
}

@article{krimer2011power,
  author = {Krimer, Evgeni and Erez, Mattan},
title = {The Power of 1+$\alpha$ for Memory-Efficient Bloom Filters},
journal = {Internet Mathematics},
volume = {7},
number = {1},
pages = {28-44},
year = {2011},
doi = {10.1080/15427951.2011.560785},
URL = {http://dx.doi.org/10.1080/15427951.2011.560785},
eprint = {http://dx.doi.org/10.1080/15427951.2011.560785}
}

@article{moraru2009fast,
  title={Fast cache for your text: Accelerating exact pattern matching with feed-forward bloom filters},
  author={Moraru, Iulian and Andersen, David G},
  year={2009}
}

